<collection xmlns="http://www.loc.gov/MARC21/slim">
<record>
  <leader>01967nam0a22003611i 450 </leader>
  <controlfield tag="001">IT\ICCU\CNCE\023144</controlfield>
  <controlfield tag="005">20150930000000.0</controlfield>
  <datafield tag="012" ind1=" " ind2=" ">
    <subfield code="a">e;t, l-6. u-id tugn (3) 1563 (R)</subfield>
    <subfield code="2">fei</subfield>
  </datafield>
  <datafield tag="100" ind1=" " ind2=" ">
    <subfield code="a">19970627d1563        0itac0103    ba</subfield>
  </datafield>
  <datafield tag="101" ind1=" " ind2=" ">
    <subfield code="a">LAT</subfield>
  </datafield>
  <datafield tag="102" ind1=" " ind2=" ">
    <subfield code="a">IT</subfield>
  </datafield>
  <datafield tag="200" ind1="1" ind2=" ">
    <subfield code="a">℗Rocchi Pilorcii Marsianensis ℗De scribendi, rescribendique epistolas ratione opusculum, adolescentibus non minus vtile, quam necessarium</subfield>
  </datafield>
  <datafield tag="210" ind1=" " ind2=" ">
    <subfield code="a">Perusiae</subfield>
    <subfield code="c">ex officina Andreae Brixiani</subfield>
    <subfield code="d">1563</subfield>
    <subfield code="e">Perusiae</subfield>
    <subfield code="g">ex officina Andreae Brixiani</subfield>
    <subfield code="h">1563</subfield>
  </datafield>
  <datafield tag="215" ind1=" " ind2=" ">
    <subfield code="a">\8!, 30, \2! c.</subfield>
    <subfield code="d">8ʻ</subfield>
  </datafield>
  <datafield tag="620" ind1=" " ind2=" ">
    <subfield code="a">IT</subfield>
    <subfield code="d">Perugia</subfield>
  </datafield>
  <datafield tag="700" ind1=" " ind2="1">
    <subfield code="a">Pilorci,</subfield>
    <subfield code="b">Rocco</subfield>
    <subfield code="3">IT\ICCU\CNCA\006572</subfield>
  </datafield>
  <datafield tag="712" ind1="0" ind2="0">
    <subfield code="a">Bresciano, Andrea</subfield>
    <subfield code="3">IT\ICCU\CNCT\000299</subfield>
    <subfield code="4">650</subfield>
  </datafield>
  <datafield tag="790" ind1=" " ind2="1">
    <subfield code="a">Pilorcius,</subfield>
    <subfield code="b">Rocchus</subfield>
    <subfield code="3">IT\ICCU\CNCA\022602</subfield>
    <subfield code="z">Pilorci, Rocco</subfield>
  </datafield>
  <datafield tag="791" ind1="0" ind2="0">
    <subfield code="a">Fracassini,  Andrea</subfield>
    <subfield code="3">IT\ICCU\CNCT\003063</subfield>
    <subfield code="z">Bresciano, Andrea</subfield>
  </datafield>
  <datafield tag="791" ind1="0" ind2="0">
    <subfield code="a">Brixianus, Andreas</subfield>
    <subfield code="3">IT\ICCU\CNCT\004773</subfield>
    <subfield code="z">Bresciano, Andrea</subfield>
  </datafield>
  <datafield tag="801" ind1=" " ind2="3">
    <subfield code="a">IT</subfield>
    <subfield code="b">ICCU</subfield>
    <subfield code="c">20201114</subfield>
  </datafield>
  <datafield tag="899" ind1=" " ind2=" ">
    <subfield code="a">Biblioteca universitaria. Bologna</subfield>
    <subfield code="z">MUTILO</subfield>
    <subfield code="1">BO0098</subfield>
    <subfield code="2">UBO BU</subfield>
  </datafield>
  <datafield tag="899" ind1=" " ind2=" ">
    <subfield code="a">Biblioteca Riccardiana. Firenze</subfield>
    <subfield code="1">FI0094</subfield>
    <subfield code="2">CFI RF</subfield>
  </datafield>
  <datafield tag="899" ind1=" " ind2=" ">
    <subfield code="a">Biblioteca pedagogica nazionale dell&apos;Istituto Nazionale di Documentazione per l&apos;Innovazione e la Ricerca Educativa. Firenze</subfield>
    <subfield code="1">FI0097</subfield>
    <subfield code="2">ZFI 60</subfield>
  </datafield>
  <datafield tag="899" ind1=" " ind2=" ">
    <subfield code="a">Accademia Georgica. Treia</subfield>
    <subfield code="1">MC0251</subfield>
    <subfield code="2">UMC AG</subfield>
  </datafield>
  <datafield tag="899" ind1=" " ind2=" ">
    <subfield code="a">Biblioteca comunale Augusta. Perugia</subfield>
    <subfield code="1">PG0109</subfield>
    <subfield code="2">UM1 01</subfield>
  </datafield>
  <datafield tag="899" ind1=" " ind2=" ">
    <subfield code="a">Biblioteca della Fondazione Ranieri di Sorbello. Perugia</subfield>
    <subfield code="1">PG0147</subfield>
    <subfield code="2">UM1 88</subfield>
  </datafield>
  <datafield tag="899" ind1=" " ind2=" ">
    <subfield code="a">Biblioteca Dominicini. Perugia</subfield>
    <subfield code="1">PG0151</subfield>
    <subfield code="2">UM1 40</subfield>
  </datafield>
  <datafield tag="899" ind1=" " ind2=" ">
    <subfield code="a">Biblioteca comunale Lorenzo Leonj. Todi</subfield>
    <subfield code="1">PG0172</subfield>
    <subfield code="2">UM1 20</subfield>
  </datafield>
  <datafield tag="899" ind1=" " ind2=" ">
    <subfield code="a">Biblioteca universitaria. Pavia</subfield>
    <subfield code="1">PV0291</subfield>
    <subfield code="2">MIL UP</subfield>
  </datafield>
  <datafield tag="899" ind1=" " ind2=" ">
    <subfield code="a">British Library. London</subfield>
    <subfield code="1">UK0001</subfield>
  </datafield>
  <datafield tag="911" ind1=" " ind2=" ">
    <subfield code="a">Nel coloph.</subfield>
    <subfield code="9">IT\ICCU\CNCM\000784</subfield>
  </datafield>
  <datafield tag="921" ind1=" " ind2=" ">
    <subfield code="a">IT\ICCU\CNCM\000784</subfield>
    <subfield code="b">Carit ̉(donna con bambino in braccio e altri due ai lati). In cornice ovale</subfield>
    <subfield code="e">Caritas domini manet in aeternum</subfield>
    <subfield code="c">V169</subfield>
    <subfield code="c">Z207</subfield>
    <subfield code="d">Dimensioni:6,9 x 8,9</subfield>
    <subfield code="f">CARITA&apos;</subfield>
    <subfield code="f">DONNA</subfield>
    <subfield code="f">BAMBINI</subfield>
    <subfield code="f">CARITASDOM</subfield>
    <subfield code="g">1549-1589</subfield>
  </datafield>
</record>
</collection>
